@online{maskrcnnkeras,
title={Mask R-CNN for object detection and instance segmentation on Keras and TensorFlow},
url={https://github.com/matterport/Mask_RCNN},
author={https://github.com/matterport}
}

@article{fastrcnn,
  author    = {Ross B. Girshick},
  title     = {Fast {R-CNN}},
  journal   = {CoRR},
  volume    = {abs/1504.08083},
  year      = {2015},
  url       = {http://arxiv.org/abs/1504.08083},
  eprint    = {1504.08083},
  timestamp = {Wed, 07 Jun 2017 14:40:36 +0200},
  biburl    = {https://dblp.org/rec/bib/journals/corr/Girshick15},
  bibsource = {dblp computer science bibliography, https://dblp.org}
}

@article{fasterrcnn,
  author    = {Shaoqing Ren and
               Kaiming He and
               Ross B. Girshick and
               Jian Sun},
  title     = {Faster {R-CNN:} Towards Real-Time Object Detection with Region Proposal
               Networks},
  journal   = {CoRR},
  volume    = {abs/1506.01497},
  year      = {2015},
  url       = {http://arxiv.org/abs/1506.01497},
  eprint    = {1506.01497},
  timestamp = {Wed, 07 Jun 2017 14:42:40 +0200},
  biburl    = {https://dblp.org/rec/bib/journals/corr/RenHG015},
  bibsource = {dblp computer science bibliography, https://dblp.org}
}

@article{maskrcnn,
  author    = {Kaiming He and
               Georgia Gkioxari and
               Piotr Doll{\'{a}}r and
               Ross B. Girshick},
  title     = {Mask {R-CNN}},
  journal   = {CoRR},
  volume    = {abs/1703.06870},
  year      = {2017},
  url       = {http://arxiv.org/abs/1703.06870},
  eprint    = {1703.06870},
  timestamp = {Wed, 07 Jun 2017 14:42:32 +0200},
  biburl    = {https://dblp.org/rec/bib/journals/corr/HeGDG17},
  bibsource = {dblp computer science bibliography, https://dblp.org}
}

@book{deeplearning,
    title={Deep Learning},
    author={Ian Goodfellow and Yoshua Bengio and Aaron Courville},
    publisher={MIT Press},
    note={\url{http://www.deeplearningbook.org}},
    year={2016}
}

@online{resnet,
title={An Overview of ResNet and its Variants},
author={Vincent Fung},
publisher={towardsdatascience.com},
url={https://towardsdatascience.com/an-overview-of-resnet-and-its-variants-5281e2f56035}
}

@article{fpn,
  author    = {Tsung{-}Yi Lin and
               Piotr Doll{\'{a}}r and
               Ross B. Girshick and
               Kaiming He and
               Bharath Hariharan and
               Serge J. Belongie},
  title     = {Feature Pyramid Networks for Object Detection},
  journal   = {CoRR},
  volume    = {abs/1612.03144},
  year      = {2016},
  url       = {http://arxiv.org/abs/1612.03144},
  archivePrefix = {arXiv},
  eprint    = {1612.03144},
  timestamp = {Wed, 07 Jun 2017 14:43:08 +0200},
  biburl    = {https://dblp.org/rec/bib/journals/corr/LinDGHHB16},
  bibsource = {dblp computer science bibliography, https://dblp.org}
}

@online{singleshotdetectors,
title={What do we learn from single shot object detectors (SSD, YOLO), FPN and Focal loss?},
url={https://mc.ai/what-do-we-learn-from-single-shot-object-detectors-ssd-yolo-fpn-focal-loss/}
}

@online{roipool,
title={Region of interest pooling explained},
year={2017},
url={https://blog.deepsense.ai/region-of-interest-pooling-explained/}
}

@online{historyofimagesegmentation,
author={Dhruv Parthasarathy},
title={A Brief History of CNNs in Image Segmentation: From R-CNN to Mask R-CNN},
year={2017},
url={https://blog.athelas.com/a-brief-history-of-cnns-in-image-segmentation-from-r-cnn-to-mask-r-cnn-34ea83205de4}
}

@article{nonmaxsuppression,
  author    = {Jan Hendrik Hosang and
               Rodrigo Benenson and
               Bernt Schiele},
  title     = {Learning non-maximum suppression},
  journal   = {CoRR},
  volume    = {abs/1705.02950},
  year      = {2017},
  url       = {http://arxiv.org/abs/1705.02950},
  archivePrefix = {arXiv},
  eprint    = {1705.02950},
  timestamp = {Wed, 07 Jun 2017 14:41:52 +0200},
  biburl    = {https://dblp.org/rec/bib/journals/corr/HosangBS17},
  bibsource = {dblp computer science bibliography, https://dblp.org}
}

@online{nonmaxsuppressiontf,
title={tf.non\_max\_suppression},
url={https://www.tensorflow.org/api_docs/python/tf/image/non_max_suppression}
}

@article{regionproposaloverview,
  author    = {Jan Hendrik Hosang and
               Rodrigo Benenson and
               Piotr Doll{\'{a}}r and
               Bernt Schiele},
  title     = {What makes for effective detection proposals?},
  journal   = {CoRR},
  volume    = {abs/1502.05082},
  year      = {2015},
  url       = {http://arxiv.org/abs/1502.05082},
  archivePrefix = {arXiv},
  eprint    = {1502.05082},
  timestamp = {Wed, 07 Jun 2017 14:40:13 +0200},
  biburl    = {https://dblp.org/rec/bib/journals/corr/HosangBDS15},
  bibsource = {dblp computer science bibliography, https://dblp.org}
}

@InProceedings{maxpooling,
author={Scherer, Dominik and M{\"u}ller, Andreas and Behnke, Sven},
editor={Diamantaras, Konstantinos and Duch, Wlodek and Iliadis, Lazaros S.},
title={Evaluation of Pooling Operations in Convolutional Architectures for Object Recognition},
booktitle={Artificial Neural Networks -- ICANN 2010},
year={2010},
publisher={Springer Berlin Heidelberg},
address={Berlin, Heidelberg},
pages={92--101},
isbn={978-3-642-15825-4},
url={http://ais.uni-bonn.de/papers/icann2010_maxpool.pdf}
}

